% 
% STATE-OF-THE-ART 
%=================
@INPROCEEDINGS{han:age,
AUTHOR = "Hu Han and Charles Otto and Anil K. Jain",
TITLE = "Age estimation from face images: Human vs. machine performance",
BOOKTITLE = "ICB'13",
PAGES = {1-8},
YEAR = {2013}, 
}

@inproceedings{conf/cvpr/GuoMFH09,
  added-at = {2009-12-31T00:00:00.000+0100},
  author = {Guo, Guodong and Mu, Guowang and Fu, Yun and Huang, Thomas S.},
  biburl = {http://www.bibsonomy.org/bibtex/2702f398634cf734ce6a01ccef3422f75/dblp},
  booktitle = {CVPR},
  crossref = {conf/cvpr/2009},
  date = {2009-12-31},
  description = {dblp},
  ee = {http://doi.ieeecomputersociety.org/10.1109/CVPRW.2009.5206681},
  interhash = {597259996c5d611f5ff0de8511963b4e},
  intrahash = {702f398634cf734ce6a01ccef3422f75},
  isbn = {978-1-4244-3992-8},
  keywords = {dblp},
  pages = {112-119},
  publisher = {IEEE},
  timestamp = {2009-12-31T00:00:00.000+0100},
  title = {Human age estimation using bio-inspired features.},
  url = {http://dblp.uni-trier.de/db/conf/cvpr/cvpr2009.html#GuoMFH09},
  year = 2009
}

@inproceedings{Luu:2009:AEU:1736406.1736456,
 author = {Luu, Khoa and Ricanek, Karl and Bui, Tien D. and Suen, Ching Y.},
 title = {Age Estimation Using Active Appearance Models and Support Vector Machine Regression},
 booktitle = {Proceedings of the 3rd IEEE International Conference on Biometrics: Theory, Applications and Systems},
 series = {BTAS'09},
 year = {2009},
 isbn = {978-1-4244-5019-0},
 location = {Washington, DC, USA},
 pages = {314--318},
 numpages = {5},
 url = {http://dl.acm.org/citation.cfm?id=1736406.1736456},
 acmid = {1736456},
 publisher = {IEEE Press},
 address = {Piscataway, NJ, USA},
} 

@inproceedings{LuuSSBS11,
  author = {Luu, Khoa and Seshadri, Keshav and Savvides, Marios and Bui, Tien D. and Suen, Ching Y.},
  biburl = {http://www.bibsonomy.org/bibtex/247dde8344f235768cdcbafe1dfa063e1/dblp},
  booktitle = {IJCB},
  crossref = {conf/icb/2012},
  editor = {Jain, Anil K. and Ross, Arun and Prabhakar, Salil and Kim, Jaihie},
  ee = {http://dx.doi.org/10.1109/IJCB.2011.6117601},
  interhash = {f4cd56e9dab4bfee4100934aa47c2b02},
  intrahash = {47dde8344f235768cdcbafe1dfa063e1},
  isbn = {978-1-4673-0396-5},
  keywords = {dblp},
  pages = {1-8},
  publisher = {IEEE},
  timestamp = {2012-11-05T00:00:00.000+0100},
  title = {Contourlet appearance model for facial age estimation.},
  url = {http://dblp.uni-trier.de/db/conf/icb/ijcb2011.html#LuuSSBS11},
  year = 2011
}

@article{journals/tifs/WuTC12,
  added-at = {2012-11-28T00:00:00.000+0100},
  author = {Wu, Tao and Turaga, Pavan K. and Chellappa, Rama},
  biburl = {http://www.bibsonomy.org/bibtex/2efbaa3cf70f853d587343bb0425fc21d/dblp},
  ee = {http://dx.doi.org/10.1109/TIFS.2012.2213812},
  interhash = {3c1cd86456506e88f38a63426ec9d8f8},
  intrahash = {efbaa3cf70f853d587343bb0425fc21d},
  journal = {IEEE Transactions on Information Forensics and Security},
  keywords = {dblp},
  number = 6,
  pages = {1780-1788},
  timestamp = {2012-11-28T00:00:00.000+0100},
  title = {Age Estimation and Face Verification Across Aging Using Landmarks.},
  url = {http://dblp.uni-trier.de/db/journals/tifs/tifs7.html#WuTC12},
  volume = 7,
  year = 2012
}

@article{Guo2014761,
title = "A framework for joint estimation of age, gender and ethnicity on a large database ",
journal = "Image and Vision Computing ",
volume = "32",
number = "10",
pages = "761 - 770",
year = "2014",
note = "Best of Automatic Face and Gesture Recognition 2013 ",
issn = "0262-8856",
doi = "http://dx.doi.org/10.1016/j.imavis.2014.04.011",
url = "http://www.sciencedirect.com/science/article/pii/S0262885614000791",
author = "Guodong Guo and Guowang Mu",
keywords = "Joint estimation of age, gender and ethnicity",
keywords = "A general framework",
keywords = "Partial least squares (PLS)",
keywords = "Canonical correlation analysis (CCA)",
keywords = "Regularized \{CCA\}",
keywords = "Kernel \{PLS\} (KPLS)",
keywords = "Kernel \{CCA\} (KCCA)",
keywords = "Regularized \{KCCA\}",
keywords = "Least squares \{CCA\} "
}

@inproceedings{xia:hal-00904007,
  TITLE = {{Can 3D Shape of the Face Reveal your Age?}},
  AUTHOR = {Xia, Baiqiang and Ben Amor, Boulbaba and Daoudi, Mohamed and Drira, Hassen},
  URL = {https://hal.inria.fr/hal-00904007},
  BOOKTITLE = {{International Conference on Computer Vision Theory and Applications}},
  ADDRESS = {Lisbonne, Portugal},
  YEAR = {2014},
  MONTH = Jan,
  HAL_ID = {hal-00904007},
  HAL_VERSION = {v1},
}

@inproceedings{facebook,
  booktitle = {Conference on Computer Vision and Pattern Recognition (CVPR)},
  authors = {Taigman, Yaniv and
	Yang, Ming and
	Ranzato, Marc'Aurelio and
	Wolf, Lior},
  title = {{DeepFace: Closing the Gap to Human-Level Performance in Face Verification}}
}

@inproceedings{conf/aaai/GengSZ10,
  added-at = {2010-09-01T00:00:00.000+0200},
  author = {Geng, Xin and Smith-Miles, Kate and Zhou, Zhi-Hua},
  biburl = {http://www.bibsonomy.org/bibtex/2d4a972c27fdac75714034453cf54737c/dblp},
  booktitle = {AAAI},
  crossref = {conf/aaai/2010},
  editor = {Fox, Maria and Poole, David},
  ee = {http://www.aaai.org/ocs/index.php/AAAI/AAAI10/paper/view/1626},
  interhash = {c97224a149ed51c88274c6aea968b947},
  intrahash = {d4a972c27fdac75714034453cf54737c},
  keywords = {dblp},
  publisher = {AAAI Press},
  timestamp = {2010-09-01T00:00:00.000+0200},
  title = {Facial Age Estimation by Learning from Label Distributions.},
  url = {http://dblp.uni-trier.de/db/conf/aaai/aaai2010.html#GengSZ10},
  year = 2010
}

@INPROCEEDINGS{5463396,
author={Lanitis, A.},
booktitle={Communications, Control and Signal Processing (ISCCSP), 2010 4th International Symposium on},
title={Age estimation based on head movements: A feasibility study},
year={2010},
month={March},
pages={1-6},
keywords={biomechanics;biomedical measurement;feature extraction;human computer interaction;medical signal processing;age adaptive HCI systems;age estimation;head movements;human computer interaction;machine user;Adaptive signal processing;Aging;Biometrics;Communication system control;Control systems;Facial features;Humans;Magnetic heads;Process control;Shape},
doi={10.1109/ISCCSP.2010.5463396},}

@INPROCEEDINGS{6117531,
author={Makihara, Y. and Okumura, M. and Iwama, H. and Yagi, Y.},
booktitle={Biometrics (IJCB), 2011 International Joint Conference on},
title={Gait-based age estimation using a whole-generation gait database},
year={2011},
month={Oct},
pages={1-6},
keywords={Gaussian processes;face recognition;gait analysis;visual databases;Gaussian process regression;baseline algorithm;face based age estimation field;gait based age estimation;gait recognition algorithms;silhouette based gait features;whole generation gait database;Estimation;Kernel;Surveillance},
doi={10.1109/IJCB.2011.6117531},}

@INPROCEEDINGS{6736476,
author={Tharwat, A. and Ghanem, A.M. and Hassanien, A.E.},
booktitle={Computer Engineering Conference (ICENCO), 2013 9th International},
title={Three different classifiers for facial age estimation based on K-nearest neighbor},
year={2013},
month={Dec},
pages={55-60},
keywords={estimation theory;face recognition;learning (artificial intelligence);pattern classification;regression analysis;FG-NET database;KNN classifier concept;KNN-distance approach;KNN-regression classifier;age estimation system;classification problem;exact age estimation;facial age estimation;k-nearest neighbor;modified-KNN version;regression problem;test face image;Aging;Databases;Estimation;Face;Feature extraction;Training;Vectors;Facial age estimation;Facial landmarks;KNN;Local Binary Pattern (LBP)},
doi={10.1109/ICENCO.2013.6736476},}

@article{Lanitis:2004:CDC:2225304.2226166,
 author = {Lanitis, A. and Draganova, C. and Christodoulou, C.},
 title = {Comparing Different Classifiers for Automatic Age Estimation},
 journal = {Trans. Sys. Man Cyber. Part B},
 issue_date = {February 2004},
 volume = {34},
 number = {1},
 month = feb,
 year = {2004},
 issn = {1083-4419},
 pages = {621--628},
 numpages = {8},
 url = {http://dx.doi.org/10.1109/TSMCB.2003.817091},
 doi = {10.1109/TSMCB.2003.817091},
 acmid = {2226166},
 publisher = {IEEE Press},
 address = {Piscataway, NJ, USA},
} 

@INPROCEEDINGS{791208, 
author={Lanitis, A. and Taylor, C.J. and Cootes, T.F.}, 
booktitle={Computer Vision, 1999. The Proceedings of the Seventh IEEE International Conference on}, 
title={Modeling the process of ageing in face images}, 
year={1999}, 
month={}, 
volume={1}, 
pages={131-136 vol.1}, 
keywords={face recognition;image processing;age effects;ageing;appearance variation;face images;facial appearance;Aging;Biomedical engineering;Biomedical imaging;Computer science;Educational institutions;Electrical capacitance tomography;Face;Facial animation;Identity-based encryption;Statistics}, 
doi={10.1109/ICCV.1999.791208},}

@ARTICLE{993553, 
author={Lanitis, A. and Taylor, C.J. and Cootes, T.F.}, 
journal={Pattern Analysis and Machine Intelligence, IEEE Transactions on}, 
title={Toward automatic simulation of aging effects on face images}, 
year={2002}, 
month={Apr}, 
volume={24}, 
number={4}, 
pages={442-455}, 
keywords={face recognition;statistical analysis;age normalization;aging effects;aging variation;automatic simulation;discriminatory facial features;face images;face recognition system;facial appearance;gender;health;learned age transformations;lifestyle;perceived age;statistical face models;Aging}, 
doi={10.1109/34.993553}, 
ISSN={0162-8828},}

@INPROCEEDINGS{4284917, 
author={Yun Fu and Ye Xu and Huang, T.S.}, 
booktitle={Multimedia and Expo, 2007 IEEE International Conference on}, 
title={Estimating Human Age by Manifold Analysis of Face Pictures and Regression on Aging Features}, 
year={2007}, 
month={July}, 
pages={1383-1386}, 
keywords={estimation theory;face recognition;feature extraction;regression analysis;automatic human age estimation;face image analysis;image database;low-dimensional distribution;manifold learning method;multiple linear regression function;temporal feature;Aging;Face detection;Humans;Learning systems;Linear regression;Pattern analysis;Psychology;Shape;Statistical analysis;Testing}, 
doi={10.1109/ICME.2007.4284917},}

@ARTICLE{4523958, 
author={Yun Fu and Huang, T.S.}, 
journal={Multimedia, IEEE Transactions on}, 
title={Human Age Estimation With Regression on Discriminative Aging Manifold}, 
year={2008}, 
month={June}, 
volume={10}, 
number={4}, 
pages={578-584}, 
keywords={face recognition;human computer interaction;regression analysis;discriminative aging manifold;human age estimation;human-centered multimedia communication;human-computer interaction;multiple linear regression procedure;quadratic model function;Aging;Databases;Displays;Face;Human computer interaction;Image analysis;Linear regression;Multimedia communication;Robustness;Visualization;Age estimation;conformal embedding analysis;manifold;multiple linear regression;subspace learning}, 
doi={10.1109/TMM.2008.921847}, 
ISSN={1520-9210},}

@ARTICLE{5406526, 
author={Yun Fu and Guodong Guo and Huang, T.S.}, 
journal={Pattern Analysis and Machine Intelligence, IEEE Transactions on}, 
title={Age Synthesis and Estimation via Faces: A Survey}, 
year={2010}, 
month={Nov}, 
volume={32}, 
number={11}, 
pages={1955-1976}, 
keywords={computer vision;face recognition;rendering (computer graphics);computer based age estimation;computer based age synthesis;computer graphics;face image based age estimation;face image based age synthesis;machine vision;Aging;Application software;Art;Computer graphics;Computer vision;Customer relationship management;Face detection;Forensics;Humans;Machine vision;Face aging;age estimation;age progression;age synthesis;survey.;Aging;Algorithms;Anthropometry;Artificial Intelligence;Computer Graphics;Computer Simulation;Face;Humans;Image Interpretation, Computer-Assisted;Models, Biological;Pattern Recognition, Automated;Regression Analysis}, 
doi={10.1109/TPAMI.2010.36}, 
ISSN={0162-8828},}

@ARTICLE{1709980, 
author={Ramanathan, N. and Chellappa, R.}, 
journal={Image Processing, IEEE Transactions on}, 
title={Face Verification Across Age Progression}, 
year={2006}, 
month={Nov}, 
volume={15}, 
number={11}, 
pages={3349-3361}, 
keywords={Bayes methods;error statistics;face recognition;image classification;Bayesian age difference classifier;age progression;age separated face images;error rate;face image classification;face recognition systems;face verification;facial aging effects;preprocessing methods;Aging;Bayesian methods;Computer vision;Face detection;Face recognition;Humans;Image databases;Lighting;Psychology;Shape;Age progression;face recognition;face verification;probabilistic eigenspaces;similarity measure}, 
doi={10.1109/TIP.2006.881993}, 
ISSN={1057-7149},}

@article{Ramanathan2009131,
author = {Ramanathan, N. and Chellappa, R. and Biswas, S.},
title = {Computational methods for modeling facial aging: A survey},
journal = {Journal of Visual Languages and Computing },
volume = {20},
number = {3},
pages = {131 - 144},
year = {2009},
issn = "1045-926X",
doi = "http://dx.doi.org/10.1016/j.jvlc.2009.01.011",
url = "http://www.sciencedirect.com/science/article/pii/S1045926X09000032",
keywords = "Age progression",
keywords = "Age estimation",
keywords = "Craniofacial growth",
keywords = "Face recognition "
}

@INPROCEEDINGS{1640784, 
author={Ramanathan, N. and Chellappa, R.}, 
booktitle={Computer Vision and Pattern Recognition, 2006 IEEE Computer Society Conference on}, 
title={Modeling Age Progression in Young Faces}, 
year={2006}, 
month={June}, 
volume={1}, 
pages={387-394}, 
keywords={Capacitive sensors;Cardiology;Computer vision;Educational institutions;Face detection;Face recognition;Head;Humans;Psychology;Shape}, 
doi={10.1109/CVPR.2006.187}, 
ISSN={1063-6919},}

@ARTICLE{4531189, 
author={Guodong Guo and Yun Fu and Dyer, C.R. and Huang, T.S.}, 
journal={Image Processing, IEEE Transactions on}, 
title={Image-Based Human Age Estimation by Manifold Learning and Locally Adjusted Robust Regression}, 
year={2008}, 
month={July}, 
volume={17}, 
number={7}, 
pages={1178-1188}, 
keywords={computer vision;face recognition;regression analysis;FG-NET database;aging process;computer vision systems;facial image analysis;human computer interaction;image-based human age estimation;internal age database;locally adjusted robust regression;manifold learning;multimedia communication;Age manifold;human age estimation;locally adjusted robust regression;manifold learning;nonlinear regression;support vector machine (SVM);support vector regression (SVR);Aging;Algorithms;Artificial Intelligence;Face;Humans;Image Enhancement;Image Interpretation, Computer-Assisted;Pattern Recognition, Automated;Regression Analysis;Reproducibility of Results;Sensitivity and Specificity}, 
doi={10.1109/TIP.2008.924280}, 
ISSN={1057-7149},}

@INPROCEEDINGS{4563041, 
author={Guodong Guo and Yun Fu and Dyer, C.R. and Huang, T.S.}, 
booktitle={Computer Vision and Pattern Recognition Workshops, 2008. CVPRW '08. IEEE Computer Society Conference on}, 
title={A Probabilistic Fusion Approach to human age prediction}, 
year={2008}, 
month={June}, 
pages={1-6}, 
keywords={Bayes methods;content management;face recognition;image classification;image retrieval;multimedia systems;Bayes rule;classifier combination methods;human age prediction;multimedia content analysis;probabilistic fusion;semantic knowledge;Aging;Application software;Face recognition;Feature extraction;Human computer interaction;Image databases;Image retrieval;Information analysis;Internet;Pattern recognition}, 
doi={10.1109/CVPRW.2008.4563041}, 
ISSN={2160-7508},}

@INPROCEEDINGS{5995404, 
author={Guodong Guo and Guowang Mu}, 
booktitle={Computer Vision and Pattern Recognition (CVPR), 2011 IEEE Conference on}, 
title={Simultaneous dimensionality reduction and human age estimation via kernel partial least squares regression}, 
year={2011}, 
month={June}, 
pages={657-664}, 
keywords={computer vision;feature extraction;least squares approximations;regression analysis;computer vision;human age estimation;kernel partial least square regression;linear PLS method;pattern recognition;simultaneous feature dimensionality reduction;Aging;Databases;Estimation;Feature extraction;Kernel;Manifolds;Support vector machines}, 
doi={10.1109/CVPR.2011.5995404}, 
ISSN={1063-6919},}

@inproceedings{Geng:2006:LFA:1180639.1180711,
 author = {Geng, Xin and Zhou, Zhi-Hua and Zhang, Yu and Li, Gang and Dai, Honghua},
 title = {Learning from Facial Aging Patterns for Automatic Age Estimation},
 booktitle = {Proceedings of the 14th Annual ACM International Conference on Multimedia},
 series = {MULTIMEDIA '06},
 year = {2006},
 isbn = {1-59593-447-2},
 location = {Santa Barbara, CA, USA},
 pages = {307--316},
 numpages = {10},
 url = {http://doi.acm.org/10.1145/1180639.1180711},
 doi = {10.1145/1180639.1180711},
 acmid = {1180711},
 publisher = {ACM},
 address = {New York, NY, USA},
 keywords = {age specific human-computer interaction, aging pattern, automatic age estimation, face image},
} 

@INPROCEEDINGS{1613043, 
author={Ricanek, K. and Tesafaye, T.}, 
booktitle={Automatic Face and Gesture Recognition, 2006. FGR 2006. 7th International Conference on}, 
title={MORPH: a longitudinal image database of normal adult age-progression}, 
year={2006}, 
month={April}, 
pages={341-345}, 
keywords={face recognition;visual databases;MORPH;face recognition;longitudinal face database;longitudinal image database;normal adult age-progression;Aging;Biometrics;Computer science;Cranial;Face recognition;Facial animation;Humans;Image databases;Morphology;Skin}, 
doi={10.1109/FGR.2006.78},}

@inproceedings{gallagher_cvpr_09_groups,
author = {A. Gallagher and T. Chen},
title = {Understanding Images of Groups of People},
booktitle = {Proc. CVPR},
year = {2009},
}

@inproceedings{Ueki:2006:SAC:1126250.1126269,
 author = {Ueki, Kazuya and Hayashida, Teruhide and Kobayashi, Tetsunori},
 title = {Subspace-based Age-group Classification Using Facial Images Under Various Lighting Conditions},
 booktitle = {Proceedings of the 7th International Conference on Automatic Face and Gesture Recognition},
 series = {FGR '06},
 year = {2006},
 isbn = {0-7695-2503-2},
 pages = {43--48},
 numpages = {6},
 url = {http://dx.doi.org/10.1109/FGR.2006.102},
 doi = {10.1109/FGR.2006.102},
 acmid = {1126269},
 publisher = {IEEE Computer Society},
 address = {Washington, DC, USA},
} 

@INPROCEEDINGS{1004130, 
author={Sim, T. and Baker, S. and Bsat, M.}, 
booktitle={Automatic Face and Gesture Recognition, 2002. Proceedings. Fifth IEEE International Conference on}, 
title={The CMU Pose, Illumination, and Expression (PIE) database}, 
year={2002}, 
month={May}, 
pages={46-51}, 
keywords={data acquisition;face recognition;image processing equipment;lighting;visual databases;CMU 3D Room;CMU PIE database;Carnegie Mellon University;Pose, Illumination and Expression database;data collection procedure;database applications;facial image database;imaging hardware;Cameras;Charge coupled devices;Charge-coupled image sensors;Face recognition;Hardware;Head;Image databases;Image storage;Lighting;Robots}, 
doi={10.1109/AFGR.2002.1004130},}

@INPROCEEDINGS{4469272, 
author={Bastanfard, A. and Nik, M.A. and Dehshibi, M.M.}, 
booktitle={Machine Vision, 2007. ICMV 2007. International Conference on}, 
title={Iranian Face Database with age, pose and expression}, 
year={2007}, 
month={Dec}, 
pages={50-55}, 
keywords={emotion recognition;face recognition;feature extraction;image colour analysis;lighting;pose estimation;visual databases;Iranian Face Database;age classification algorithm;facial images;feature detection algorithm;illumination;image color;Classification algorithms;Color;Engineering profession;Face detection;Fingerprint recognition;Glass;Humans;Image databases;Skin;Spatial databases;age classification;face image database;feature detection algorithm}, 
doi={10.1109/ICMV.2007.4469272},}

@article{Phillips1998295,
title = "The \{FERET\} database and evaluation procedure for face-recognition algorithms ",
journal = "Image and Vision Computing ",
volume = "16",
number = "5",
pages = "295 - 306",
year = "1998",
note = "",
issn = "0262-8856",
doi = "http://dx.doi.org/10.1016/S0262-8856(97)00070-X",
url = "http://www.sciencedirect.com/science/article/pii/S026288569700070X",
author = "P.Jonathon Phillips and Harry Wechsler and Jeffery Huang and Patrick J. Rauss",
keywords = "Face recognition",
keywords = "Algorithm evaluation",
keywords = "Image databases "
}

@misc{FGNET,
      author = "Lanitis, A.",
      title = "{FG-NET Aging Data Base}",
      month = "November",
      year = "2007",
      note = {Available at \url{http://www.eecs.qmul.ac.uk/~yf300/FG_NET_data/index.html}},
      url = "http://sting.cycollege.ac.cy/~alanitis/fgnetaging/index.htm",
},

@article{burt1995perception,
  title={Perception of age in adult Caucasian male faces: Computer graphic manipulation of shape and colour information},
  author={Burt, D Michael and Perrett, David I},
  journal={Proceedings of the Royal Society of London. Series B: Biological Sciences},
  volume={259},
  number={1355},
  pages={137--143},
  year={1995},
  publisher={The Royal Society}
}

@misc{LHI,
      title = "{LHI} Image Database",
      note = {Available at \url{http://www.lotushill.org/LHIFrameEn.html}, 2010},
      url = {http://www.lotushill.org/LHIFrameEn.html},
},

@misc{HOIP,
      author = "Softopia Japan Foundation",
      title = "{Human and Object Interaction Processing (HOIP) Face Database}",
      note = {Available at \url{http://www.hoip.jp/}, 2014},
      url = {http://www.hoip.jp/},
},

@inproceedings{gallaghercvpr09groups,
	author = {A. Gallagher and T. Chen},
	title = {Understanding Images of Groups of People},
	booktitle = {Proc. CVPR},
	year = {2009},
}

@inproceedings{Ni:2009:WIM:1631272.1631287,
 author = {Ni, Bingbing and Song, Zheng and Yan, Shuicheng},
 title = {Web Image Mining Towards Universal Age Estimator},
 booktitle = {Proceedings of the 17th ACM International Conference on Multimedia},
 series = {MM '09},
 year = {2009},
 isbn = {978-1-60558-608-3},
 location = {Beijing, China},
 pages = {85--94},
 numpages = {10},
 url = {http://doi.acm.org/10.1145/1631272.1631287},
 doi = {10.1145/1631272.1631287},
 acmid = {1631287},
 publisher = {ACM},
 address = {New York, NY, USA},
 keywords = {age estimation, internet vision, multi-instance regression},
} 

@ARTICLE{6906255, 
author={Eidinger, E. and Enbar, R. and Hassner, T.}, 
journal={Information Forensics and Security, IEEE Transactions on}, 
title={Age and Gender Estimation of Unfiltered Faces}, 
year={2014}, 
month={Dec}, 
volume={9}, 
number={12}, 
pages={2170-2179}, 
keywords={face recognition;learning (artificial intelligence);object detection;support vector machines;age estimation;dropout learning techniques;face recognition;face-photo benchmarks;facial attributes;facial feature detectors;gender estimation;image repository;mobile devices;robust face alignment technique;smart phones;support vector machine learning;unfiltered face;Benchmark testing;Face recognition;Facial features;Identification of persons;Neural networks;Support vector machines;Uncertainty;Face recognition;identification of persons;neural networks;support vector machines}, 
doi={10.1109/TIFS.2014.2359646}, 
ISSN={1556-6013},}